@article{fabiane2024,
   author   = {Fabiane Viana and Dantas, Diego Jorge and Ferreira},
   title    = {A {COVID-19} e os desafios educacionais},
   journal  = {Revista Cient{\'i}fica Multidisciplinar N{\'u}cleo do Conhecimento},
   volume   = {05},
   pages    = {1-22},
   month    = {04},
   year     = {2024},
   doi      = {10.55470/relaec.44455}
}

@article{prince2004,
   author   = {Prince, Michael},
   title    = {Does Active Learning Work? A Review of the Research},
   journal  = {Journal of Engineering Education},
   volume   = {93},
   pages    = {223-231},
   month    = {07},
   year     = {2004},
   doi      = {10.1002/j.2168-9830.2004.tb00809.x}
}

@article{yew2016,
   author   = {Yew, Elaine and Goh, Karen},
   title    = {Problem-Based Learning: An Overview of its Process and Impact on Learning},
   journal  = {Health Professions Education},
   volume   = {2},
   pages    = {75-79},
   month    = {05},
   year     = {2016},
   doi      = {10.1016/j.hpe.2016.01.004}
}

@article{vanalten2019,
   author   = {van Alten, David and Phielix, C. and Janssen, Jeroen and Kester, Liesbeth},
   title    = {Effects of Flipping the Classroom on Learning Outcomes and Satisfaction: A Meta-Analysis},
   journal  = {Educational Research Review},
   volume   = {28},
   pages    = {1-18},
   month    = {06},
   year     = {2019},
   doi      = {10.1016/j.edurev.2019.05.003}
}

@article{laal2012,
   author   = {Laal, Marjan and Ghodsi, Seyed},
   title    = {Benefits of Collaborative Learning},
   journal  = {Procedia - Social and Behavioral Sciences},
   volume   = {31},
   pages    = {486-490},
   month    = {12},
   year     = {2012},
   doi      = {10.1016/j.sbspro.2011.12.091}
}

@article{dale2016,
   author   = {Dale, Robert},
   title    = {The return of the chatbots},
   journal  = {Natural Language Engineering},
   volume   = {22},
   pages    = {811-817},
   month    = {09},
   year     = {2016},
   doi      = {10.1017/S1351324916000243}
}

@conference{eslahi2012,
   author    = {Eslahi, Meisam and Salleh, Rosli and Anuar, Nor},
   title     = {Bots and botnets: An overview of characteristics, detection and challenges},
   booktitle = {2012 IEEE International Conference on Control System, Computing and Engineering},
   pages     = {349-354},
   month     = {11},
   year      = {2012},
   doi       = {10.1109/ICCSCE.2012.6487169}
}

@mastersthesis{huang2021,
   author   = {Huang, X.},
   title    = {Chatbot: Design, Architecture, and Applications},
   school   = {University of Pennsylvania},
   month    = {05},
   year     = {2021},
   note     = {ASCS CIS 498 Senior Capstone Thesis}
}

@conference{lebeuf2019,
   author    = {Lebeuf, Carlene and Zagalsky, Alexey and Foucault, Matthieu and Storey, Margaret-Anne},
   title     = {Defining and classifying software bots: a faceted taxonomy},
   booktitle = {2019 IEEE/ACM 1st international workshop on bots in software engineering (BotSE)},
   pages     = {1-6},
   year      = {2019},
   publisher = {IEEE},
   doi       = {10.1109/BotSE.2019.00008}
}

@article{seering2018,
   author   = {Seering, Joseph and Flores, Juan Pablo and Savage, Saiph and Hammer, Jessica},
   title    = {The Social Roles of Bots: Evaluating Impact of Bots on Discussions in Online Communities},
   journal  = {Proceedings of the ACM on Human-Computer Interaction},
   volume   = {2},
   number   = {CSCW},
   pages    = {1-29},
   month    = {11},
   year     = {2018},
   doi      = {10.1145/3274426}
}

@article{zawacki2019,
   author   = {Zawacki-Richter, Olaf and Mar{\'i}n, Victoria I. and Bond, Melissa and Gouverneur, Franziska},
   title    = {Systematic review of research on artificial intelligence applications in higher education--where are the educators?},
   journal  = {International Journal of Educational Technology in Higher Education},
   volume   = {16},
   pages    = {39},
   month    = {10},
   year     = {2019}
}

@article{okonkwo2021,
   author   = {Chinedu Wilfred Okonkwo and Abejide Ade-Ibijola},
   title    = {Chatbots applications in education: A systematic review},
   journal  = {Computers and Education: Artificial Intelligence},
   volume   = {2},
   pages    = {100033},
   year     = {2021},
   doi      = {10.1016/j.caeai.2021.100033}
}

@article{han2022,
   author   = {Songhee Han and Min Kyung Lee},
   title    = {FAQ chatbot and inclusive learning in massive open online courses},
   journal  = {Computers \& Education},
   volume   = {179},
   pages    = {104395},
   year     = {2022},
   doi      = {10.1016/j.compedu.2021.104395}
}

@misc{hodges2020,
   author       = {Hodges, Charles and Moore, Stephanie and Lockee, Barbara and Trust, Torrey and Bond, Mark},
   title        = {The Difference Between Emergency Remote Teaching and Online Learning},
   month        = {03},
   year         = {2020},
}

@article{roy1987,
   author    = {Pea, Roy},
   title     = {User Centered System Design: New Perspectives on Human-Computer Interaction},
   journal   = {Journal educational computing research},
   volume    = {3},
   month     = {01},
   year      = {1987},
   note      = {available via HAL: ffhal-00190545f.}
}

@book{norman2013,
   author    = {Norman, D. A.},
   title     = {The design of everyday things: Revised and expanded edition},
   year      = {2013},
   publisher = {MIT Press},
}

@book{sweller2011,
   author    = {John Sweller},
   title     = {Cognitive Load Theory},
   booktitle = {International Encyclopedia of Education (Fourth Edition)},
   year      = {2023},
   publisher = {Elsevier},
   doi       = {10.1016/B978-0-12-818630-5.14020-5}
}

@mastersthesis{calvo2013,
   author   = {Calvo, Teresa Cristina and Maté},
   title    = {Estudo sobre a aprendizagem dial{\'o}gica em ambientes virtuais de aprendizagem},
   school   = {IFES},
   year     = {2013},
   note     = {Reposit{\'o}rio IFES}
}

@book{piaget1970,
   author    = {Piaget, J.},
   title     = {Structuralism},
   year      = {1970},
   publisher = {Basic Books}
}

@article{verbert2013,
   author   = {Verbert, Katrien and duval, erik and Klerkx, Joris and Govaerts, Sten and Santos, José},
   title    = {Learning Analytics Dashboard Applications},
   journal  = {American Behavioral Scientist},
   volume   = {57},
   pages    = {1500-1509},
   month    = {09},
   year     = {2013},
   doi      = {10.1177/0002764213479363}
}

@misc{discordjs,
   author       = {{Discord.js Team}},
   title        = {{Discord.js Documentation}},
   howpublished = {\url{https://discord.js.org/}},
   year         = {2025},
   note         = {Accessed: June 1, 2025}
}

@misc{discordpy,
   author       = {{Rapptz}},
   title        = {{Discord.py Documentation}},
   howpublished = {\url{https://discordpy.readthedocs.io/}},
   year         = {2025},
   note         = {Accessed: June 1, 2025}
}

@misc{muller,
   author       = {M{\"u}ller, Lucas},
   title        = {Concord: Lightweight Discord {API} C library},
   howpublished = {\url{https://github.com/Cogmasters/concord}},
   year         = {2025},
   note         = {Accessed: June 1, 2025}
}
@book{kernighan1988,
   author    = {Kernighan, B. W. and Ritchie, D. M.},
   title     = {The {C} Programming Language},
   edition   = {2},
   year      = {1988},
   publisher = {Prentice Hall}
}

@article{pears2007,
   author   = {Pears, Arnold and Seidman, Stephen and Malmi, Lauri and Mannila, Linda and Adams, Elizabeth and Bennedsen, Jens and Devlin, Marie and Paterson, James},
   title    = {A Survey of Literature on the Teaching of Introductory Programming},
   journal  = {ACM SIGCSE Bulletin},
   volume   = {39},
   pages    = {204-223},
   month    = {12},
   year     = {2007},
   doi      = {10.1145/1345375.1345441}
}

@inproceedings{hien2018,
   author    = {Hien, Ho and Pham-Nguyen, Cuong and Le Nguyen Hoai, Nam and Nhung, Ho and Le Dinh, Thang},
   booktitle = {Proceedings of the ninth international symposium on information and communication technology},
   title     = {Intelligent Assistants in Higher-Education Environments: The {FIT-EBot}, a Chatbot for Administrative and Learning Support},
   pages     = {69-76},
   month     = {01},
   year      = {2018},
   isbn      = {978-1-4503-6539-0},
   doi       = {10.1145/3287921.3287937}
}

@inproceedings{demetriadis2018,
   author    = {Demetriadis, Stavros and Tegos, Stergios and Psathas, Georgios and Tsiatsos, Thrasyvoulos and Weinberger, Armin and Caballé, Santi and Dimitriadis, Yannis and Gómez-Sánchez, Eduardo and Papadopoulos, Pantelis and Karakostas, Anastasios},
   booktitle = {2018 Learning With MOOCS (LWMOOCS)},
   title     = {Conversational Agents as Group-Teacher Interaction Mediators in MOOCs},
   pages     = {43-46},
   month     = {09},
   year      = {2018},
   doi       = {10.1109/LWMOOCS.2018.8534686}
}

@article{winkler2018,
   author    = {Winkler, Rainer and Söllner, Matthias},
   title     = {Unleashing the potential of chatbots in education: A state-of-the-art analysis},
   journal   = {Academy of Management Proceedings},
   volume    = {2018},
   pages     = {15903},
   month     = {04},
   year      = {2018},
   doi       = {10.5465/AMBPP.2018.15903abstract}
}

@misc{silva2024,
   author       = {Ligiane Nascimento and Silva},
   title        = {Transformando a Educa{\c{c}}{\~a}o Online: Os Impactos da Intelig{\^e}ncia Artificial nos Cursos {\`a} Dist{\^a}ncia},
   howpublished = {\url{http://gestaouniversitaria.com.br/artigos/transformando-a-educacao-online-os-impactos-da-inteligencia-artificial-nos-cursos-a-distancia}},
   journal      = {Revista Gest{\~a}o Universit{\'a}ria},
   month        = {04},
   year         = {2024},
}

@article{yin2024,
   author       = {Yin, Jiaqi and Goh, Tiong-Thye and Yang, Bing and Hu, Yi},
   title        = {Using a Chatbot to Provide Formative Feedback: A Longitudinal Study of Intrinsic Motivation, Cognitive Load, and Learning Performance},
   journal      = {IEEE Transactions on Learning Technologies},
   volume       = {PP},
   pages        = {1-13},
   month        = {01},
   year         = {2024},
   doi = {10.1109/TLT.2024.3364015}
}
